1389 1831
696 206 733 221 MV

318 265 441 292 deturpent,
464 266 485 285 et
500 270 553 292 quae
569 264 597 285 sit
612 264 754 285 correctorum
769 264 791 284 in
806 269 892 284 summa
907 263 991 284 inscitia
1006 270 1077 284 rerum
1094 265 1115 284 ct

317 305 420 327 sermonis
443 304 524 332 antiqui
548 303 678 326 incredibilis
701 304 789 325 audacie
811 303 909 325 mutandi
932 305 954 325 et
974 303 1115 332 interpolandi

318 345 420 374 quidquid
434 346 557 373 corruptum
569 347 601 366 est
615 346 652 366 aut
664 345 712 366 istis
724 344 816 366 videtur.
838 343 919 371 Quibus
933 343 1036 366 Codicum
1050 343 1114 366 Grac-

318 393 391 408 corum
406 385 584 414 inspiciendorum
600 385 660 407 nulla
674 387 706 407 est
721 385 822 411 semitas,
839 386 966 413 componant
979 385 1035 406 mihi
1047 385 1114 406 Bastii

318 427 416 456 egregias
428 426 584 448 observationes
597 425 786 455 Palaeographices
798 425 903 455 Gregorio
916 424 1026 447 Corinthio
1034 425 1114 447 subiec-

317 469 350 489 tas
373 474 423 488 cum
446 467 612 495 discrepantium
631 467 784 495 scripturarum
806 467 897 492 acervis,
918 473 969 494 quos
989 467 1011 487 in
1031 472 1114 494 quoque

317 508 417 536 scriptore
433 507 490 529 docti
505 507 596 529 editores
611 507 783 532 accumulsrunt,
800 509 822 528 et
836 514 863 528 ex
878 513 902 528 eo
917 508 1006 528 stercore
1016 513 1114 535 gemmas

318 548 418 577 colligere
432 548 514 569 discant
530 548 627 576 exemplo
643 554 777 569 summorum
791 546 932 573 Criticoi-tun,
945 548 967 568 111
980 547 1057 575 quibus
1070 554 1113 569 om-

317 589 380 610 nibus
395 588 527 617 singularem
542 588 721 617 Palaeographiae
740 588 839 616 peritiam
854 588 921 609 inesse
937 587 1112 609 animadvertent.

318 629 387 655 Quam
408 628 486 650 vellem
502 628 559 650 docti
574 629 671 650 homines
685 628 739 650 hanc
755 629 851 650 criticam
866 628 1032 656 supellectilem.
1049 635 1113 656 quam

317 669 411 697 undique
429 671 582 697 comportatum
602 671 624 690 et
645 676 670 690 ex
686 669 747 690 libris
762 668 952 697 qualibuscumque
967 670 1054 697 optimis
1069 676 1113 697 pes-

317 710 378 731 simis
398 716 447 731 cum
464 709 585 738 pulvisculo
603 716 708 731 corrasam
726 710 864 738 scriptoribus
884 710 978 738 antiquis
997 710 1113 738 appendere

317 750 394 775 solent,
419 751 451 771 ita
472 750 588 772 discernere
611 752 633 772 et
655 750 751 780 digerere
775 750 858 772 delectu
877 751 932 772 sacto
953 752 975 772 et
992 750 1114 778 quisquiliis

317 791 406 813 abiectis
428 790 556 816 voluissent,
581 792 605 812 ut
628 793 702 813 acutus
723 793 744 812 et
764 792 887 820 ingeniosus
906 792 990 813 iuvenis
1011 791 1037 812 sd
1057 791 1113 812 lnmc

317 833 443 859 apparatum
462 830 567 853 Criticum
586 831 755 860 cognoscendum
775 833 796 853 et
816 832 966 853 excutiendum
986 831 1113 853 alliceretur.

317 871 379 893 Nunc
394 873 466 893 contra
481 873 523 893 est:
539 878 617 893 nausea
632 874 653 893 et
668 872 779 893 fastidium
794 872 851 900 capit
865 873 948 894 animos
964 873 986 893 in
1001 873 1043 893 ista
1057 872 1114 893 mole

317 912 424 941 indigeste.
443 909 596 940 scripturarum
617 912 697 934 nullius
717 912 789 940 pretii,
813 919 865 940 quae
883 912 1035 934 homunciones
1051 919 1114 941 supra

317 959 382 980 quam
402 952 460 973 credi
478 954 548 980 potest
568 952 640 974 futiles
660 954 682 974 et
702 953 810 981 nugatorii
829 952 930 974 fuderunt
947 952 1113 974 hallucinantes:

317 993 381 1020 inque
394 999 417 1014 eo
430 993 517 1021 gurgite
530 992 565 1014 hic
576 992 622 1014 illic
634 994 708 1014 natant
718 994 848 1021 optimorum
855 992 960 1015 librorum
967 994 1114 1015 vetustissima

317 1032 421 1061 quaedam
441 1033 529 1058 menda,
551 1033 610 1054 intus
624 1034 716 1061 optimas
731 1033 830 1055 lectiones
845 1034 962 1059 servantia,
979 1041 1032 1062 quae
1048 1033 1114 1055 simul

317 1075 381 1101 atque
400 1073 467 1101 perite
486 1075 508 1095 et
528 1073 624 1095 sollerter
640 1080 730 1095 manum
745 1073 865 1095 admoveris
879 1073 947 1095 veluti
962 1074 1054 1103 igniculi
1068 1075 1114 1102 qui-

317 1113 367 1135 dam
388 1114 481 1135 emicant
500 1115 522 1135 et
537 1120 563 1135 ex
578 1115 624 1135 stra
639 1114 730 1143 caligine
746 1113 824 1135 claram
839 1114 909 1136 lucem
925 1114 1042 1136 effundunt.
1065 1114 1113 1136 Hae

317 1155 367 1175 sunt
387 1153 527 1182 discrepantes
548 1154 663 1182 scripturae
678 1154 742 1176 utiles
757 1155 788 1180 et,
803 1157 828 1175 ut
843 1155 872 1175 ita
889 1154 970 1180 dicam,
986 1155 1111 1180 foecundae,

317 1194 339 1215 in
361 1194 438 1222 quibus
453 1196 502 1216 sunt
517 1195 599 1216 semina
614 1194 786 1216 emendationum
801 1195 824 1216 in
839 1194 887 1216 aliis
902 1194 954 1217 louis
969 1196 991 1217 et
1006 1196 1112 1224 scriptori—

317 1234 357 1256 bus
376 1234 527 1256 faciendarum.
551 1234 584 1256 Ex
603 1235 637 1256 his
651 1235 721 1264 igitur
735 1235 784 1257 elici
799 1237 887 1263 possunt
902 1235 1057 1258 observationes
1072 1236 1112 1258 Pa-

316 1274 476 1303 laeographicae
495 1276 564 1296 certae
584 1277 606 1297 et
626 1275 713 1297 stabiles
732 1276 843 1304 scriptores
862 1274 954 1297 Graecos
969 1276 1112 1298 emendaturis

317 1322 414 1344 praesens
431 1315 510 1343 ubique
531 1315 637 1337 auxilium
655 1316 770 1342 allaturae,
789 1323 830 1344 quo
845 1317 882 1344 qui
897 1316 1012 1338 destitutus
1027 1317 1077 1342 erit,
1093 1317 1112 1338 si

316 1355 397 1377 iudicio
414 1355 483 1381 valet,
504 1355 584 1377 multas
604 1363 665 1384 saepe
682 1357 772 1385 ineptias
788 1358 809 1378 et
824 1356 915 1378 absurda
928 1356 998 1378 multa
1012 1357 1068 1378 inter
1082 1357 1112 1379 le-

316 1395 411 1424 gendum
426 1395 580 1424 deprehendere
595 1396 681 1425 poterit.
697 1396 734 1418 sed
748 1396 822 1418 tollere
837 1399 858 1418 et
873 1397 977 1426 corrigere
992 1396 1059 1425 neque
1076 1404 1112 1426 po-

317 1437 367 1457 terit
387 1443 453 1464 neque
472 1436 570 1462 audebit,
586 1437 637 1465 quia
651 1437 727 1458 erroris
741 1437 847 1466 originem
862 1438 982 1466 excogitare
997 1439 1018 1459 et
1033 1438 1111 1466 perspi-

317 1483 363 1498 cere
378 1483 419 1497 non
434 1478 509 1505 potest.
534 1476 586 1503 Quis
601 1477 670 1503 enim,
687 1478 724 1506 qui
739 1478 892 1506 circumspecto
906 1478 986 1500 iudicio
1001 1480 1033 1500 eet
1048 1480 1069 1499 et
1084 1478 1111 1499 ab

317 1517 376 1538 omni
396 1517 516 1539 temeritate
530 1518 616 1546 ingenio
632 1519 653 1539 et
667 1520 744 1540 natura
758 1518 850 1544 alienus,
861 1516 939 1547 'quales
954 1518 1019 1540 multi
1034 1518 1111 1540 dautur

317 1556 373 1585 apud
392 1558 504 1583 nostrates,
523 1558 545 1579 111
560 1559 657 1580 animum
673 1559 759 1580 inducet
774 1566 812 1588 pro
828 1559 839 1584 ἤ
856 1559 967 1582 emendare
982 1558 1109 1585 σημείωσιι,
