1389 1831
666 223 690 239 ¹1

276 290 341 305 annos
353 283 439 311 paratis.
447 277 509 309 ‘Quis
522 283 576 304 serio
589 282 623 303 his
636 280 759 309 respondere
773 281 909 310 dignabitur,
924 282 961 310 qui
968 282 1075 310 optimum

277 330 382 352 quemque
403 323 527 351 scriptorem
548 322 654 344 Graecum
671 322 736 352 longo
751 329 791 344 usu
806 322 890 344 noverit
906 322 932 344 ad
947 322 1003 344 hunc
1018 322 1076 344 diem

277 365 337 386 vitiis
356 366 377 385 et
396 363 501 385 erroribus
521 370 583 385 omne
604 370 671 392 genus
689 370 734 385 esse
749 363 870 392 oppletum,
887 369 977 391 quorum
992 365 1075 391 partem

278 404 372 432 plerique
388 406 435 425 tum
450 404 538 425 demum
553 406 679 433 agnoscunt,
695 410 763 432 quum
779 403 844 425 simul
859 403 1032 432 deprensairaus
1045 405 1077 425 est

279 447 300 466 et
315 447 372 466 certa
387 444 505 466 emendatio
520 446 609 473 reperta.
633 445 705 473 Aequo
721 445 793 466 animo
807 445 829 465 in
842 444 951 472 Euripidis
963 443 1077 465 Phoenim'a

281 484 335 511 175,
351 485 429 507 eruditi
444 491 517 506 omnes
532 484 642 514 legebant:

424 524 438 547 ὦ
454 524 589 552 λιπαροζώνου
606 524 700 552 θύγατερ
716 525 786 547 ’Λλίου
803 525 924 550 Σελαναία,

279 573 346 595 quum
361 566 482 594 nuperrime
497 565 593 587 Badham
606 566 638 592 (in
650 565 715 594 praef.
729 566 755 587 ad
768 566 877 594 Euripidis
890 565 956 594 112hi5.
969 565 991 586 in
1006 565 1078 586 Tauria

280 609 299 628 et
313 607 361 628 Hel.
376 613 426 635 pag.
444 605 488 633 17.)
504 613 530 627 ex
546 609 785 628 AAIOTCEAANAIA
799 607 855 628 eruit
869 609 1076 628 AATOTCCEAA-

280 650 350 669 ΝΛΙΛ
367 648 388 668 et
402 653 476 668 veram
490 647 618 674 scripturam
633 647 728 668 restituit
743 646 807 668 hanc:

428 686 442 708 ω’
458 686 594 714 λιπαροζώνου
609 686 706 714 θύγατερ
723 689 805 711 Λατοῦς
822 687 937 709 Σελαναία.

280 727 444 749 Innumerabilia
458 727 554 749 locorum
570 728 603 749 vis
617 729 723 756 superest,
740 727 778 749 ubi
794 728 880 756 antiquo
896 727 1011 755 scriptume
1025 727 1079 749 vitio

281 775 331 790 sana
351 775 411 790 mens
430 768 534 796 impedita
552 768 636 793 haeret,
653 769 690 796 qui
704 768 727 789 in
743 768 852 797 integrum
867 768 952 790 restitui
967 767 1080 789 mani-festa

281 809 408 830 correctione
428 815 500 830 omnes
520 815 562 830 non
577 809 674 836 possunt,
691 810 714 830 at
729 808 783 830 bona
797 815 845 836 pars
861 810 945 834 tamen,
960 808 999 829 ubi
1014 807 1080 829 semel

281 849 339 871 labes
352 850 468 877 scripturae
481 850 544 870 certis
557 848 642 870 indiciis
655 850 763 877 comperta
776 850 828 874 erit,
840 848 969 871 Criticorum
982 849 1080 870 acumine

283 889 401 914 sanabitur,
418 889 562 917 damnumque
577 888 684 915 lectionis,
700 891 812 918 postquam
828 889 886 910 fraus
898 889 1033 911 librariorum
1046 895 1081 917 pa-

283 929 348 955 tebit,
370 930 469 951 continuo
489 930 598 950 sarcietur.
622 928 646 950 In
662 927 722 951 hanc*
732 936 772 958 ego
787 930 870 958 ingenii
885 931 907 950 et
921 929 997 950 iudicii
1011 929 1081 957 palae*

282 973 349 991 stram
364 970 451 991 iuvenes
465 970 585 998 ingeniosos
600 971 622 991 et
637 969 715 991 indolis
730 970 869 999 generosioris
884 976 958 991 vocare
973 976 1014 991 uon
1028 969 1082 990 desi-

283 1017 344 1035 nam,
365 1011 387 1031 et
408 1009 461 1031 dabo
481 1016 567 1037 operam
581 1011 606 1031 ut
622 1016 695 1031 omnes
710 1010 833 1039 intelligant
848 1010 1000 1038 interpretandi
1016 1009 1082 1031 facul-

283 1052 349 1072 tatem
365 1052 387 1071 et
400 1056 465 1071 usum
479 1050 524 1071 sine
539 1050 579 1071 hac
595 1050 721 1072 emendandi
734 1050 828 1072 sollertia
838 1049 931 1072 debilem
943 1053 964 1071 et
976 1056 1077 1071 mancum

284 1097 339 1116 esse,
361 1093 382 1111 et
401 1091 481 1118 passim
499 1097 567 1119 nugas
582 1097 644 1119 agere
660 1090 809 1119 1nterpretem,
826 1091 867 1111 nisi
882 1091 1078 1118 interpretationem

284 1131 395 1153 emendata
413 1130 476 1152 lectio
493 1130 609 1158 praecedat.
634 1130 735 1152 Nondum
749 1131 842 1159 poenitet
857 1136 942 1159 operae:
960 1133 991 1152 est
1006 1131 1028 1151 in
1043 1137 1079 1158 po-

284 1172 394 1200 pularibus
408 1172 485 1192 nostris
501 1172 587 1200 egregia
603 1171 629 1193 ad
646 1170 748 1193 Criticum
764 1174 831 1193 artem
847 1170 940 1197 indoles,

465 1211 520 1233 οὔπω
536 1214 586 1238 σφιν
602 1212 693 1238 ἐξίτηλον
709 1210 765 1237 αἷμα
780 1211 893 1238 δαιμόνων,

285 1252 318 1273 vel
333 1252 405 1280 potius
419 1254 458 1273 τῶν
474 1251 580 1277 δαιμονίων
595 1251 681 1279 ἀνδρῶν,
698 1253 734 1280 qui
750 1252 802 1274 olim
818 1253 840 1274 in
856 1253 895 1274 hoc
910 1259 986 1282 genere
1001 1252 1080 1273 studio-

285 1299 333 1313 rum
352 1292 496 1320 principatum
517 1294 642 1318 tenuerunt;
664 1293 720 1314 inest
741 1292 844 1314 indefessa
864 1293 969 1314 industria
984 1295 1005 1314 et
1019 1299 1081 1315 verae

285 1332 354 1354 laudis
374 1339 434 1354 amor
453 1332 511 1354 lenta
531 1334 634 1361 patientia
655 1334 737 1361 optima
756 1335 778 1354 et
798 1333 951 1362 perfectissima
971 1340 1081 1361 quaerens,

286 1373 316 1394 nil
336 1375 408 1394 sotum
429 1375 529 1401 reputans
549 1373 600 1395 dum
620 1374 671 1402 quid
686 1374 778 1402 supersit
792 1373 911 1403 agendum,
927 1381 968 1395 non
982 1374 1081 1402 plausum

286 1413 432 1435 multitudinis
455 1416 542 1442 captans
564 1414 600 1435 sed
622 1414 793 1442 prudentissimis
816 1414 900 1442 probari
921 1415 972 1435 satis
992 1414 1081 1440 liabens,

286 1454 363 1481 quibus
380 1454 482 1476 duratura
501 1454 585 1482 placent
605 1454 634 1476 τὰ
655 1454 805 1481 ἐξειργασμένα
826 1455 861 1476 καὶ
878 1454 1035 1482 διηκριβωμένα.
1060 1454 1083 1476 Si

287 1495 334 1521 quis
353 1494 422 1523 igitur
441 1494 518 1516 horum
540 1495 649 1524 egregiam
669 1495 763 1517 indolem
783 1502 833 1516 oum
854 1495 949 1517 doctrina
966 1494 1084 1524 multiplici

287 1533 394 1562 solidaque
409 1535 500 1557 feliciter
514 1536 659 1562 coniunxerit,
675 1537 751 1564 spretis
768 1536 902 1557 indoctorum
917 1536 1083 1564 obstrepentium

287 1574 368 1596 voculis
389 1577 410 1596 et
430 1578 502 1598 tenens
517 1576 573 1598 illud
587 1576 748 1598 Theocriteum:
765 1576 832 1603 αὐτὰρ
848 1576 889 1603 ἐγὼ
907 1576 1017 1603 βασεῦμαι
1034 1576 1087 1602 ἐμὰ-ν
