1389 1831
651 211 705 227 xxm

280 269 335 290 θειαν
351 271 373 291 et
388 269 424 294 τὴν
440 269 592 295 παρεφθορυῖαν
608 268 677 295 λέξιν,
694 275 736 297 qua
747 275 788 290 non
804 271 887 290 tantum
903 270 944 298 ipsi
957 269 1077 296 utebantur,

279 309 316 331 sed
331 316 374 338 qua
393 309 462 331 veluti
482 309 606 338 contagione
626 310 704 338 scripta
724 311 820 331 veterum
841 309 959 338 implebant
980 312 1001 332 et
1021 317 1077 332 com-

278 349 426 371 maculabant:
454 349 510 377 quod
531 351 556 371 ut
580 349 711 371 ostenderem
731 350 815 378 saepius
841 357 853 371 a
874 349 980 378 proposito
1000 351 1076 373 itinere

280 390 387 420 digressps
402 390 483 412 multos
502 390 621 412 multorum
636 392 734 412 veterum
752 390 817 416 locos,
837 391 875 412 ubi
891 390 942 419 quid
962 391 1017 412 mihi
1032 398 1077 413 me-

279 430 382 452 morabile
402 431 503 459 reperisse
522 430 620 456 videbar,
642 430 686 452 ὁδοῦ
702 430 803 457 πάρεργον
819 432 892 459 paucis
912 432 933 452 et
954 431 979 453 ed
995 431 1077 460 reliqua

277 478 391 499 properans
406 471 501 493 tractavi.
527 471 589 493 Nunc
606 471 661 492 mihi
676 470 736 493 aliud
755 473 799 493 erat
814 471 934 493 consilium.
958 471 1005 493 Hoc
1018 472 1075 493 enim

277 518 333 533 nunc
352 512 490 540 potissimum
510 511 600 540 agebam
620 513 646 532 ut
665 511 807 537 ostenderem,
829 518 882 539 quae
904 513 959 533 esset
982 511 1075 533 conditio

277 550 382 573 Codicum
397 551 460 577 Mss.,
483 552 505 573 in
521 551 598 579 quibus
613 551 720 580 praeclara
740 552 874 580 antiquitatis
894 554 1032 573 monumenta
1049 551 1075 573 ad

276 599 314 614 nos
329 592 470 620 pervenerint.
502 591 593 620 Operam
608 592 656 613 dedi
676 594 702 613 ut
721 592 820 614 omnibus
840 592 910 614 modis
925 599 999 614 eorum
1019 592 1074 614 refu-

276 635 345 654 tarem
367 632 461 660 ineptam
476 632 596 660 opinionem
616 633 638 654 et
658 632 700 653 fere
719 633 902 660 superstitionem,
924 633 960 660 qui
975 633 1075 654 vetustis-

277 674 343 694 simos
358 672 434 698 libros,
452 672 587 694 membranas
606 673 741 698 veterrimas,
763 672 891 694 venerandas
913 673 1073 701 antiquissimae

277 714 353 735 aetatis
368 712 480 741 reliquias,
499 713 567 741 inepti
585 712 673 734 eredunt
688 715 725 734 aut
741 713 889 742 integerrimos
907 720 951 734 esse
967 715 988 735 et
1003 720 1073 734 emen-

276 753 408 779 datissimos,
425 755 462 775 aut
475 753 526 775 adeo
541 754 599 775 omni
612 754 665 775 vitio
679 754 701 774 et
713 760 780 775 errore
793 760 876 775 vacuos.
897 753 987 775 Prorsus
1000 755 1073 775 contra

277 796 314 818 est.
346 793 426 815 Nullus
445 794 503 815 enim
522 796 617 821 superest
636 793 690 815 liber
709 793 751 815 Ms-
773 794 910 821 quantumvis
931 794 1031 822 antiquus
1052 795 1073 815 et

277 834 370 863 integer,
392 834 429 862 qui
443 841 485 855 nou
500 834 529 855 sit
543 834 623 862 passim
642 833 664 855 et
682 834 765 855 vitiosis
780 834 890 862 scripturis
905 834 1073 856 commaculatus

276 874 298 896 et.
320 874 402 896 lacunis
423 874 484 896 hians
505 874 527 895 et
546 874 621 896 ahenis
641 874 792 896 additamentis
815 874 964 903 interpolatus:
988 875 1072 902 optimus

275 915 312 936 ille
334 917 363 936 ese
385 915 420 943 qui
442 915 529 936 minimis
550 917 637 941 uryetwr.
676 914 723 936 Hoc
746 915 814 943 igitur
838 916 863 936 ut
885 915 957 943 palam
979 915 1070 936 facerem

275 955 393 983 multisque
413 956 545 984 argumentis
566 957 587 977 et
608 955 711 983 exemplis
732 955 897 976 demonstrarem
918 956 939 976 in
960 955 1071 976 Emun'rno

275 995 389 1017 elaboravi.
421 995 523 1017 Omnium
544 996 638 1024 primum
659 997 681 1017 et
700 1002 756 1016 nunc
777 998 798 1017 et
813 1002 896 1023 semper
915 1002 988 1016 censeo
1007 995 1071 1024 longe

275 1036 394 1057 maximam
408 1038 491 1064 pamm
506 1035 610 1057 librorum
625 1035 677 1057 Mss.
693 1035 749 1057 unde
768 1036 843 1065 ingens
858 1035 941 1064 farrago
954 1035 1071 1063 discrepan-

275 1076 331 1097 tium
345 1077 499 1104 scripturarum
518 1076 599 1097 nullius
614 1077 700 1098 omnino
717 1076 781 1104 pretii
797 1078 908 1104 tamquam
923 1076 945 1096 in
965 1074 1071 1103 sterquili-

275 1117 335 1138 nium
362 1117 483 1145 congeritur
505 1123 556 1138 cum
583 1118 691 1138 contemtu
715 1123 758 1137 esse
784 1116 931 1137 abiiciendam.
971 1115 1007 1137 Nil
1030 1122 1070 1145 ego

275 1157 368 1185 ineptius
387 1163 411 1178 ac
429 1156 510 1178 foedius
531 1157 581 1178 novi
601 1163 665 1185 quam
686 1159 736 1178 sunt
756 1156 865 1178 Editiones
886 1156 990 1184 quaedam
1013 1156 1071 1178 Novi

274 1197 417 1223 Testamenti,
444 1198 467 1219 in
494 1197 571 1226 quibus
598 1198 719 1226 ineptarum
742 1199 763 1219 et
788 1197 927 1219 absurdarum
954 1196 1070 1218 lectionum

273 1237 371 1264 μυριάδες
385 1238 408 1259 in
423 1244 508 1259 acervos
522 1229 573 1259 su'nt
587 1239 698 1267 congestae
713 1238 793 1259 nemini
811 1244 914 1265 umquam
934 1236 1069 1265 profuturae,

273 1285 342 1306 quum
356 1278 470 1300 Librorum
485 1277 598 1299 Sacrorum
614 1279 696 1303 textus,
713 1285 776 1306 quem
792 1279 879 1303 vocant,
896 1279 954 1299 totus
968 1277 997 1298 sit
1011 1284 1070 1298 men-

274 1318 330 1340 dosis
350 1320 372 1340 et
385 1318 442 1340 male
458 1319 514 1340 sanis
533 1318 660 1340 lectionibus
681 1317 810 1339 deformatus
831 1317 867 1339 sed
887 1317 933 1342 „ad
941 1317 1005 1344 fidem
1020 1319 1070 1338 vete-

273 1366 317 1380 nm
332 1358 507 1380 ηιεηιύηυιανιιηι.Π
534 1358 598 1387 Piget
612 1365 648 1379 me
663 1359 791 1386 miseretque
806 1358 886 1386 patriae
901 1358 1020 1379 iuventutis
1031 1357 1070 1379 has

273 1482 343 1501 lun-'ae
354 1488 373 1499 u
385 1483 483 1500 Araban-nti
494 1483 579 1502 venie-11⁰1

429 1511 461 1527 aul
471 1512 540 1533 νοτεροῦ
552 1510 633 1532 μεγάλαν
645 1510 750 1527 ΤΑνλ-ιιίιι
762 1510 781 1527 Ir
793 1510 847 1533 θΙρυ
859 1510 905 1526 ὠνοῦ

430 1539 514 1561 necuter,
526 1538 549 1555 ἂν
560 1538 640 1555 mulom
652 1538 737 1560 ηιψάιηι
749 1538 809 1558 ἁψῖδα
823 1538 907 1561 dmg-11⁷7.

272 1570 323 1587 qmm
335 1565 356 1582 Τ
372 1565 461 1583 Adina-'n
473 1567 524 1589 legere
535 1566 603 1583 deberem
